
@online{Cisco2017,
  author =      {Cisco},
  title =       {Cisco Visual Networking Index: Forecast and Methodology, 2016–2021},
  citedate =    {2017-9-15},
  url =         {https://www.cisco.com/c/en/us/solutions/collateral/service-provider/visual-networking-index-vni/complete-white-paper-c11-481360.html#_Toc484813971},
}

@online{CNNIC,
  author =      {CNNIC},
  title =       {第41次《中国互联网络发展状况统计报告》},
  citedate =    {2017-9-15},
  url =         {http://www.cnnic.net.cn/hlwfzyj/hlwxzbg/hlwtjbg/201803/P020180305409870339136.pdf},
}

@online{CNNIC,
  author =      {CNNIC},
  title =       {第41次《中国互联网络发展状况统计报告》},
  citedate =    {2017-9-15},
  url =         {http://www.cnnic.net.cn/hlwfzyj/hlwxzbg/hlwtjbg/201803/P020180305409870339136.pdf},
}

@online{Panda,
  author={熊猫直播},
  title={熊猫tv},
  url= {https://www.panda.tv/},
}

@online{Douyu,
  author={斗鱼},
  title={斗鱼直播平台},
  url= {https://www.douyu.com/},
}

@online{Facebook,
 author = {Facebook},
 title = {Facebook Live},
 url = {https://live.fb.com/},
}

@online{Periscope,
  author = {Periscope},
  title = {Periscope},
  url = {https://www.pscp.tv/},
}

@online{OBS,
  author={OBS},
  title = {OBS project},
  url={https://obsproject.com/},
}

@online{dummynet,
  author={dummynet},
  title={dummynet},
  url={http://info.iet.unipi.it/~luigi/dummynet/},
}

@online{FCC,
  author={FCC},
  title={Measuring Fixed Broadband Report-2016},
  citedate={2016-12-1},
  url={https://www.fcc.gov/reports-research/reports/measuring-broadband-america/measuring-fixed-broadband-report-2016#block-menu-block-4},
}

@online{x264,
  author={x264},
  title={x264},
  url={https://www.videolan.org/developers/x264.html},
}

@online{video,
  author={Xiph.org},
  title={Xiph.org Video Test Media [derf's collection]},
  url={https://media.xiph.org/video/derf/},
}

@online{Twitch,
  author={Twitch},
  title={twitch.tv},
  url={https://www.twitch.tv/},
}

@online{Meerkat,
  author={Meerkat},
  title={Meerkat(app)},
  url={https://en.wikipedia.org/wiki/meerkat},
}

@online{Apple,
  author={Apple},
  title={Apple HTTP Live Streaming},
  url={https://developer.apple.com/streaming/}
}

@inproceedings{riiser2013commute,
  title={Commute path bandwidth traces from 3G networks: analysis and applications},
  author={Riiser, Haakon and Vigmostad, Paul and Griwodz, Carsten and Halvorsen, P{\aa}l},
  booktitle={Proceedings of the 4th ACM Multimedia Systems Conference},
  pages={114--118},
  year={2013},
  organization={ACM}
}

@inproceedings{zhang2015crowdsourced,
  title={On crowdsourced interactive live streaming: a Twitch. tv-based measurement study},
  author={Zhang, Cong and Liu, Jiangchuan},
  booktitle={Proceedings of the 25th ACM Workshop on Network and Operating Systems Support for Digital Audio and Video},
  pages={55--60},
  year={2015},
  organization={ACM}
}

@inproceedings{tang2016meerkat,
  title={Meerkat and periscope: I stream, you stream, apps stream for live streams},
  author={Tang, John C and Venolia, Gina and Inkpen, Kori M},
  booktitle={Proceedings of the 2016 CHI Conference on Human Factors in Computing Systems},
  pages={4770--4780},
  year={2016},
  organization={ACM}
}

@inproceedings{siekkinen2016first,
  title={A first look at quality of mobile live streaming experience: the case of periscope},
  author={Siekkinen, Matti and Masala, Enrico and K{\"a}m{\"a}r{\"a}inen, Teemu},
  booktitle={Proceedings of the 2016 Internet Measurement Conference},
  pages={477--483},
  year={2016},
  organization={ACM}
}

@inproceedings{wang2016anatomy,
  title={Anatomy of a personalized livestreaming system},
  author={Wang, Bolun and Zhang, Xinyi and Wang, Gang and Zheng, Haitao and Zhao, Ben Y},
  booktitle={Proceedings of the 2016 Internet Measurement Conference},
  pages={485--498},
  year={2016},
  organization={ACM}
}

@article{jiang2014improving,
  title={Improving fairness, efficiency, and stability in http-based adaptive video streaming with festive},
  author={Jiang, Junchen and Sekar, Vyas and Zhang, Hui},
  journal={IEEE/ACM Transactions on Networking (TON)},
  volume={22},
  number={1},
  pages={326--340},
  year={2014},
  publisher={IEEE Press}
}

@article{huang2015buffer,
  title={A buffer-based approach to rate adaptation: Evidence from a large video streaming service},
  author={Huang, Te-Yuan and Johari, Ramesh and McKeown, Nick and Trunnell, Matthew and Watson, Mark},
  journal={ACM SIGCOMM Computer Communication Review},
  volume={44},
  number={4},
  pages={187--198},
  year={2015},
  publisher={ACM}
}

@inproceedings{yin2015control,
  title={A control-theoretic approach for dynamic adaptive video streaming over HTTP},
  author={Yin, Xiaoqi and Jindal, Abhishek and Sekar, Vyas and Sinopoli, Bruno},
  booktitle={ACM SIGCOMM Computer Communication Review},
  volume={45},
  number={4},
  pages={325--338},
  year={2015},
  organization={ACM}
}

@inproceedings{pires2014dash,
  title={Dash in twitch: Adaptive bitrate streaming in live game streaming platforms},
  author={Pires, Karine and Simon, Gwendal},
  booktitle={Proceedings of the 2014 Workshop on Design, Quality and Deployment of Adaptive Video Streaming},
  pages={13--18},
  year={2014},
  organization={ACM}
}

@inproceedings{bouzakaria2014overhead,
  title={Overhead and performance of low latency live streaming using MPEG-DASH},
  author={Bouzakaria, Nassima and Concolato, Cyril and Le Feuvre, Jean},
  booktitle={Information, Intelligence, Systems and Applications, IISA 2014, The 5th International Conference on},
  pages={92--97},
  year={2014},
  organization={IEEE}
}

@inproceedings{de2011feedback,
  title={Feedback control for adaptive live video streaming},
  author={De Cicco, Luca and Mascolo, Saverio and Palmisano, Vittorio},
  booktitle={Proceedings of the second annual ACM conference on Multimedia systems},
  pages={145--156},
  year={2011},
  organization={ACM}
}

@article{li2013two,
  title={Two decades of internet video streaming: A retrospective view},
  author={Li, Baochun and Wang, Zhi and Liu, Jiangchuan and Zhu, Wenwu},
  journal={ACM transactions on multimedia computing, communications, and applications (TOMM)},
  volume={9},
  number={1s},
  pages={33},
  year={2013},
  publisher={ACM}
}

@inproceedings{yin2009design,
  title={Design and deployment of a hybrid CDN-P2P system for live video streaming: experiences with LiveSky},
  author={Yin, Hao and Liu, Xuening and Zhan, Tongyu and Sekar, Vyas and Qiu, Feng and Lin, Chuang and Zhang, Hui and Li, Bo},
  booktitle={Proceedings of the 17th ACM international conference on Multimedia},
  pages={25--34},
  year={2009},
  organization={ACM}
}

@inproceedings{wei2014low,
  title={Low latency live video streaming over HTTP 2.0},
  author={Wei, Sheng and Swaminathan, Viswanathan},
  booktitle={Proceedings of Network and Operating System Support on Digital Audio and Video Workshop},
  pages={37},
  year={2014},
  organization={ACM}
}

@inproceedings{swaminathan2011low,
  title={Low latency live video streaming using HTTP chunked encoding},
  author={Swaminathan, Viswanathan and Wei, Sheng},
  booktitle={Multimedia Signal Processing (MMSP), 2011 IEEE 13th International Workshop on},
  pages={1--6},
  year={2011},
  organization={IEEE}
}

@inproceedings{bouzakaria2014overhead,
  title={Overhead and performance of low latency live streaming using MPEG-DASH},
  author={Bouzakaria, Nassima and Concolato, Cyril and Le Feuvre, Jean},
  booktitle={Information, Intelligence, Systems and Applications, IISA 2014, The 5th International Conference on},
  pages={92--97},
  year={2014},
  organization={IEEE}
}

@article{lai2013cloud,
  title={Cloud-assisted real-time transrating for http live streaming},
  author={Lai, Chin-Feng and Chao, Han-Chieh and Lai, Ying-Xun and Wan, Jiafu},
  journal={IEEE Wireless Communications},
  volume={20},
  number={3},
  pages={62--70},
  year={2013},
  publisher={IEEE}
}

@inproceedings{hannuksela2003random,
  title={Random access using isolated regions},
  author={Hannuksela, Miska M and Wang, Ye-Kui and Gabbouj, Moncef},
  booktitle={Image Processing, 2003. ICIP 2003. Proceedings. 2003 International Conference on},
  volume={3},
  pages={III--841},
  year={2003},
  organization={IEEE}
}
@inproceedings{hore2010image,
  title={Image quality metrics: PSNR vs. SSIM},
  author={Hore, Alain and Ziou, Djemel},
  booktitle={Pattern recognition (icpr), 2010 20th international conference on},
  pages={2366--2369},
  year={2010},
  organization={IEEE}
}

@inproceedings{krasic2003quality,
  title={Quality-adaptive media streaming by priority drop},
  author={Krasic, Charles and Walpole, Jonathan and Feng, Wu-chi},
  booktitle={Proceedings of the 13th international workshop on Network and operating systems support for digital audio and video},
  pages={112--121},
  year={2003},
  organization={ACM}
}

@inproceedings{singh2004dynamic,
  title={A dynamic-priority based approach to streaming video over cellular network},
  author={Singh, Shantanu Kumar and Leong, Hon Wai and Chakravarty, Som Nath},
  booktitle={Computer Communications and Networks, 2004. ICCCN 2004. Proceedings. 13th International Conference on},
  pages={281--286},
  year={2004},
  organization={IEEE}
}

@article{huang2003adaptive,
  title={Adaptive live video streaming by priority drop},
  author={Huang, Jie and Krasic, Charles and Walpole, Jonathan},
  year={2003}
}

@inproceedings{stockhammer2011dynamic,
  title={Dynamic adaptive streaming over HTTP--: standards and design principles},
  author={Stockhammer, Thomas},
  booktitle={Proceedings of the second annual ACM conference on Multimedia systems},
  pages={133--144},
  year={2011},
  organization={ACM}
}

@article{sodagar2011mpeg,
  title={The mpeg-dash standard for multimedia streaming over the internet},
  author={Sodagar, Iraj},
  journal={IEEE MultiMedia},
  volume={18},
  number={4},
  pages={62--67},
  year={2011},
  publisher={IEEE}
}

@inproceedings{mao2017neural,
  title={Neural adaptive video streaming with pensieve},
  author={Mao, Hongzi and Netravali, Ravi and Alizadeh, Mohammad},
  booktitle={Proceedings of the Conference of the ACM Special Interest Group on Data Communication},
  pages={197--210},
  year={2017},
  organization={ACM}
}

@inproceedings{akhshabi2011experimental,
  title={An experimental evaluation of rate-adaptation algorithms in adaptive streaming over HTTP},
  author={Akhshabi, Saamer and Begen, Ali C and Dovrolis, Constantine},
  booktitle={Proceedings of the second annual ACM conference on Multimedia systems},
  pages={157--168},
  year={2011},
  organization={ACM}
}

@article{petrangeli2016qoe,
  title={QoE-driven rate adaptation heuristic for fair adaptive video streaming},
  author={Petrangeli, Stefano and Famaey, Jeroen and Claeys, Maxim and Latr{\'e}, Steven and De Turck, Filip},
  journal={ACM Transactions on Multimedia Computing, Communications, and Applications (TOMM)},
  volume={12},
  number={2},
  pages={28},
  year={2016},
  publisher={ACM}
}

@article{li2014probe,
  title={Probe and adapt: Rate adaptation for HTTP video streaming at scale},
  author={Li, Zhi and Zhu, Xiaoqing and Gahm, Joshua and Pan, Rong and Hu, Hao and Begen, Ali C and Oran, David},
  journal={IEEE Journal on Selected Areas in Communications},
  volume={32},
  number={4},
  pages={719--733},
  year={2014},
  publisher={IEEE}
}

@inproceedings{akhshabi2012happens,
  title={What happens when HTTP adaptive streaming players compete for bandwidth?},
  author={Akhshabi, Saamer and Anantakrishnan, Lakshmi and Begen, Ali C and Dovrolis, Constantine},
  booktitle={Proceedings of the 22nd international workshop on Network and Operating System Support for Digital Audio and Video},
  pages={9--14},
  year={2012},
  organization={ACM}
}

@inproceedings{fouladi2018salsify,
  title={Salsify: Low-Latency Network Video through Tighter Integration between a Video Codec and a Transport Protocol},
  author={Fouladi, Sadjad and Emmons, John and Orbay, Emre and Wu, Catherine and Wahby, Riad S and Winstein, Keith},
  booktitle={15th USENIX Symposium on Networked Systems Design and Implementation (NSDI 18)},
  pages={267--282},
  year={2018},
  organization={USENIX Association}
}

@inproceedings{zhang2005coolstreaming,
  title={CoolStreaming/DONet: A data-driven overlay network for peer-to-peer live media streaming},
  author={Zhang, Xinyan and Liu, Jiangchuan and Li, Bo and Yum, Y-SP},
  booktitle={INFOCOM 2005. 24th Annual Joint Conference of the IEEE Computer and Communications Societies. Proceedings IEEE},
  volume={3},
  pages={2102--2111},
  year={2005},
  organization={IEEE}
}

@inproceedings{liao2006anysee,
  title={Anysee: Peer-to-peer live streaming},
  author={Liao, Xiaofei and Jin, Hai and Liu, Yunhao and Ni, Lionel M and Deng, Dafu},
  booktitle={INFOCOM 2006. 25th IEEE International Conference on Computer Communications. Proceedings},
  pages={1--10},
  year={2006},
  organization={Citeseer}
}

@article{hei2007inferring,
  title={Inferring network-wide quality in P2P live streaming systems},
  author={Hei, Xiaojun and Liu, Yong and Ross, Keith W},
  journal={IEEE journal on Selected Areas in Communications},
  volume={25},
  number={9},
  year={2007},
  publisher={IEEE}
}

@inproceedings{magharei2007mesh,
  title={Mesh or multiple-tree: A comparative study of live p2p streaming approaches},
  author={Magharei, Nazanin and Rejaie, Reza and Guo, Yang},
  booktitle={INFOCOM 2007. 26th IEEE International Conference on Computer Communications. IEEE},
  pages={1424--1432},
  year={2007},
  organization={IEEE}
}

@inproceedings{mukerjee2015practical,
  title={Practical, real-time centralized control for cdn-based live video delivery},
  author={Mukerjee, Matthew K and Naylor, David and Jiang, Junchen and Han, Dongsu and Seshan, Srinivasan and Zhang, Hui},
  booktitle={ACM SIGCOMM Computer Communication Review},
  volume={45},
  number={4},
  pages={311--324},
  year={2015},
  organization={ACM}
}

@inproceedings{lai2017furion,
  title={Furion: Engineering High-Quality Immersive Virtual Reality on Today's Mobile Devices},
  author={Lai, Zeqi and Hu, Y Charlie and Cui, Yong and Sun, Linhui and Dai, Ningwei},
  booktitle={Proceedings of the 23rd Annual International Conference on Mobile Computing and Networking},
  pages={409--421},
  year={2017},
  organization={ACM}
}

@article{shea2013cloud,
  title={Cloud gaming: architecture and performance},
  author={Shea, Ryan and Liu, Jiangchuan and Ngai, Edith C-H and Cui, Yong},
  journal={Ieee Network},
  volume={27},
  number={4},
  pages={16--21},
  year={2013},
  publisher={IEEE}
}

@inproceedings{nihei2017qoe,
  title={QoE maximizing bitrate control for live video streaming on a mobile uplink},
  author={Nihei, Koichi and Yoshida, Hiroshi and Kai, Natsuki and Kanetomo, Dai and Satoda, Kozo},
  booktitle={Telecommunications (ConTEL), 2017 14th International Conference on},
  pages={91--98},
  year={2017},
  organization={IEEE}
}

@article{yu2018impact,
  title={Impact of viewer engagement on gift-giving in live video streaming},
  author={Yu, Eun and Jung, Chanyong and Kim, Hyungjin and Jung, Jaemin},
  journal={Telematics and Informatics},
  year={2018},
  publisher={Elsevier}
}
